@misc{walking-info-chokers,
  note       = "WalkingInfo.org",
  title        = "Chokers",
  howpublished = "\url{http://www.walkinginfo.org/engineering/calming-chokers.cfm}"
}

@misc{walking-info-curb,
  note       = "WalkingInfo.org",
  title        = "Curb Radius Reduction",
  howpublished = "\url{http://www.walkinginfo.org/engineering/crossings-curb.cfm}"
}

@misc{mission-pedestrian-curb,
  title        = "Curb Radius: Better Walking Through Geometry",
  howpublished = "\url{http://www.missionped.org/archive/curbrad.html}",
  note         = "Mission Pedestrian"
}

@article{ped-bike-safe,
  author  = "Charles Zegeer and Dan Nabors and Peter Lagerwey",
  title   = "Curb Radius Reduction",
  journal = "Pedestrian Safety Guide and Countermeasure Selection",
  year    = "2013"
}

@article{stollof,
  author  = "Stollof, Edward R.",
  title   = "Developing Curb Ramp Designs Based on Curb Radius",
  journal = "ITE Journal",
  year    = "2005"
}

@misc{traffic-calming,
  title        = "Chokers",
  howpublished = "\url{http://www.trafficcalming.net/chokers.htm}",
  note         = "Traffic Calming"
}

@misc{traffic-calming-xwalks,
  title        = "Raised Crosswalks",
  howpublished = "\url{http://www.trafficcalming.net/raised-crosswalks.htm}",
  note         = "Traffic Calming"
}

@misc{ite,
  title        = "Traffic Calming Measures - Choker",
  howpublished = "\url{http://www.ite.org/traffic/choker.asp}",
  note         = "Institute of Transportation Engineers"
}

@misc{sino,
  title        = "What Are Chokers?",
  howpublished = "\url{http://www.sinoconcept.com/2012/01/chokers/}",
  year         = "2012",
  note         = "Sino Concept"
}

@article{pedsafe-xwalks,
  author  = "Herman F. Huang and Michael J. Cynecki",
  title   = "The Effects of Traffic Calming Measures on Pedestrian and Motorist Behavior",
  journal = "Pedestrian Safety Guide and Countermeasure Selection System",
  year    = "2001"
}

@misc{kimley-xwalk,
	author="{Kimley-Horn and Associates, Inc}",
}

@article{randal05,
  author  = "Randal S. Johnson",
  title   = "PEDESTRIAN SAFETY IMPACTS OF CURB EXTENSIONS: A CASE STUDY",
  journal = "Transportation Development - Research Section",
  year    = "2005"
}

@misc{walking-info-enhancements,
	title="Crossing Enhancements",
	note="WalkingInfo.org",
	howpublished="\url{http://www.walkinginfo.org/engineering/crossings-enhancements.cfm}"
}

@misc{rabout1,
	title="Roundabouts: An Informational Guide.",
	howpublished="\url{http://www.fhwa.dot.gov/publications/research}",
	note="Federal Highway Administration.  US Department of Transportation. "
}

@article{rabout2,
	title="TRL State of the Art Review --- The Design of Roundabouts",
	author="Brown, M",
	journal="London:HMSO",
	year="1995"
}

@misc{rabout3,
	title="Sharing the Road: A User's Manual for Public Ways",
	note="Commonwealth of Massachusetts, Registry of Motor Vehicles.",
	howpublished="\url{www.massrmv.com}"
}

@article{rabout4,
	title="Modern Roundabout Practice in the United States.",
	author="Jacquemart, G.",
	journal="National Academy Press",
	year="1998"
}

@misc{author5,
	title="Mini-Roundabouts: Getting Them Right.",
	howpublished="\url{http://www.mini-roundabout.com/details.html}"
}

@misc{mid1,
	title="{Pedestrian Safety at Midblock Locations.}",
	note="{Florida Department of Transportation.}",
	howpublished="\url{http://www.dot.state.fl.us/research-center}"
}

@misc{mid2,
	title="University Course on Bicycle and Pedestrian Transportation.",
	note="Federal Highway Administration.",
	howpublished="\url{http://www.fhwa.dot.gov/publications/research/}"
}

@misc{mid3,
	title="{Best Practices Design Guide.}",
	note="{New York City Department of Transportation.}",
	howpublished="\url{http://www.fhwa.dot.gov/}"
}

@misc{mid4,
	title="{Midtown Midblock Crossings.}",
	howpublished="\url{http://www.nyc.gov/html/dot}"
}

@misc{mid5,
	title="{The When, Where, and How of Mid-Block Crosswalks.}",
	note="{University of Kansas Transportation Center.}",
	howpublished="\url{http://www2.ku.edu/}"
}

